%%%%%%%%%%%%%%%%%%%%%%%%%%%%%%%%
%%            BOOKS           %%
%%%%%%%%%%%%%%%%%%%%%%%%%%%%%%%%

@book{thrun2005probabilistic,
  title={Probabilistic Robotics},
  author={Thrun, S. and Burgard, W. and Fox, D.},
  series={Intelligent Robotics and Autonomous Agents series},
  year={2005},
  publisher={MIT Press}
}




