%%%%%%%%%%%%%%%%%%%%%%%%%%%%%%%%
%%            BOOKS           %%
%%%%%%%%%%%%%%%%%%%%%%%%%%%%%%%%

@book{thrun2005probabilistic,
  title={Probabilistic Robotics},
  author={Thrun, S. and Burgard, W. and Fox, D.},
  series={Intelligent Robotics and Autonomous Agents series},
  year={2005},
  publisher={MIT Press}
}

@ARTICLE{hart1968formal,
  author={Hart, Peter E. and Nilsson, Nils J. and Raphael, Bertram},
  journal={IEEE Transactions on Systems Science and Cybernetics}, 
  title={A Formal Basis for the Heuristic Determination of Minimum Cost Paths}, 
  year={1968},
  volume={4},
  number={2},
  pages={100-107},
  keywords={Costs;Mathematical programming;Minimization methods;Functional programming;Automatic control;Minimax techniques;Gradient methods;Chemical technology;Automatic programming;Instruction sets},
  doi={10.1109/TSSC.1968.300136}}

  @book{lavalle2006planning, 
  place={Cambridge}, 
  title={Planning Algorithms}, 
  publisher={Cambridge University Press}, 
  author={LaValle, Steven M.}, 
  year={2006}}

  @article{karaman2011sampling,
  author       = {Sertac Karaman and
                  Emilio Frazzoli},
  title        = {Sampling-based Algorithms for Optimal Motion Planning},
  journal      = {CoRR},
  volume       = {abs/1105.1186},
  year         = {2011},
  url          = {http://arxiv.org/abs/1105.1186},
  eprinttype    = {arXiv},
  eprint       = {1105.1186},
  timestamp    = {Mon, 13 Aug 2018 16:49:16 +0200},
  biburl       = {https://dblp.org/rec/journals/corr/abs-1105-1186.bib},
  bibsource    = {dblp computer science bibliography, https://dblp.org}
}