@book{jain1995,
  title={Machine Vision},
  author={Jain, Ramsesh and Kasturi Rangachar and Shunck, Brian G.},
  year={1995},
  chapter={8},
  publisher={McGraw Hill}
}


@online{OverleafBibTexHelp,
    title = "Bibliography management in LaTeX",
    organization="Overleaf",
    year="(n.d.)",
    url  = {https://es.overleaf.com/learn/Bibliography_management_in_LaTeX},
    addendum = "(accessed: 13.11.2020)"
}

@online{OverleafHelp,
    title = "Documentation",
    organization="Overleaf",
    year="(n.d.)",
    url  = {https://www.overleaf.com/learn},
    addendum = "(accessed: 13.11.2020)"
}

@online{ThinLensWikipedia,
    title = "Thin lens",
    year="(n.d.)",
    organization="Wikipedia, the free encyclopedia", 
    url  = {https://en.wikipedia.org/wiki/Thin_lens},
    addendum = "(accessed: 01.02.2018)"
}


@online{AttributionGenerator,
    title = "Atribution Generator",
    year="(n.d.)",
    organization="Wikimedia Deutchsland", 
    url  = {https://www.lizenzhinweisgenerator.de/?lang=en},
    addendum = "(accessed: 13.11.2020)"
}
